<?xml version="1.0" encoding="UTF-8"?><collection xmlns="http://www.loc.gov/MARC21/slim"><record><leader>00618nam--2200229-u-4500</leader><controlfield tag="001">000052143</controlfield><controlfield tag="002">20161230</controlfield><controlfield tag="005">20161230201049</controlfield><controlfield tag="008">090811s1000------------r-----000-0-eng-d</controlfield><datafield ind1=" " ind2=" " tag="020"><subfield code="a">3540601422</subfield></datafield><datafield ind1=" " ind2=" " tag="040"><subfield code="a">IFIN-HH</subfield></datafield><datafield ind1=" " ind2=" " tag="080"><subfield code="a">537.6</subfield></datafield><datafield ind1="1" ind2=" " tag="100"><subfield code="a">Scharf, G</subfield></datafield><datafield ind1="1" ind2="0" tag="245"><subfield code="a">Finite Quantul Electrodynamics</subfield><subfield code="b">The Causal Approach</subfield><subfield code="c">G. Scharf</subfield></datafield><datafield ind1=" " ind2=" " tag="250"><subfield code="a">2nd ed</subfield></datafield><datafield ind1=" " ind2=" " tag="260"><subfield code="a">New York</subfield><subfield code="b">Springer</subfield><subfield code="c">1995</subfield></datafield><datafield ind1=" " ind2=" " tag="300"><subfield code="a">409 p</subfield></datafield><datafield ind1=" " ind2="0" tag="490"><subfield code="a">Texts and Monograph in Physics</subfield></datafield><datafield ind1=" " ind2=" " tag="500"><subfield code="a">Donatie dl. D.R. Grigore</subfield></datafield><datafield ind1=" " ind2="0" tag="650"><subfield code="a">Perturbation (Quantum Dynamics)</subfield></datafield><datafield ind1=" " ind2=" " tag="852"><subfield code="a">81627</subfield><subfield code="c">537:538</subfield></datafield><datafield ind1=" " ind2=" " tag="CAT"><subfield code="a">Sys</subfield><subfield code="c">20110705</subfield><subfield code="h">112208</subfield></datafield></record></collection>